

@article{Charalambous:2014, 
	author = {Charalambous, P. and Chrysanthou, Y.},
	title = {The {PAG} {C}rowd: {A} {G}raph {B}ased {A}pproach for {E}fficient {D}ata-{D}riven {C}rowd {S}imulation},
	journal = {Computer Graphics Forum},
	issn = {1467-8659},
	url = {http://dx.doi.org/10.1111/cgf.12403},
	doi = {10.1111/cgf.12403},
	pages = {n/a--n/a},
	keywords = {Behavioral Animation, Human Simulation, 2D Techniques, I.3.7 [Computer Graphics]: Animation I.2.11 [Distributed Artificial Intelligence]: Multiagent systems},
	year = {2014},
}


@misc{GTA:web,
	title = {Grand Theft Auto: San Andreas},
	author = {Rockstar-Games},
	year = {2004},
	month = {October},
	howpublished = {http://www.rockstargames.com/grandtheftauto/},
}

@inproceedings{Guy:2009,
	author = {Guy, Stephen. J. and Chhugani, Jatin and Kim, Changkyu and Satish, Nadathur and Lin, Ming and Manocha, Dinesh and Dubey, Pradeep},
	title = {ClearPath: Highly Parallel Collision Avoidance for Multi-agent Simulation},
	booktitle = {Proc. of the ACM SIGGRAPH/Eurographics Symp. on Computer Animation},
	series = {SCA '09},
	year = {2009},
	pages = {177--187},
	publisher = {ACM},
}

@inproceedings{Narain:2009,
	author = {Narain, Rahul and Golas, Abhinav and Curtis, Sean and Lin, Ming C.},
	title = {Aggregate Dynamics for Dense Crowd Simulation},
	booktitle = {Proc. of ACM SIGGRAPH Asia},
	series = {SIGGRAPH Asia '09},
	year = {2009},
	pages = {122:1 -- 122:8},
	articleno = {122},
	publisher = {ACM},
}


@article{Helbing:2005,
	title = {Self-organized Pedestrian Crowd Dynamics: Experiments, Simulations, and Design Solutions},
	author = {Helbing, Dirk and Buzna, Lubos and Johansson, Anders and Werner, Torsten},
	journal = {Transportation Science},
	volume = {39},
	number = {1},
	month = {February},
	year = {2005},
	pages = {1--24},
}

@inproceedings{Ju:2010,
	title = {Morphable Crowds},
	author = {Ju, Eunjung and Choi, Myung Geol and Park, Minji and Lee, Jehee and Lee, Kang Hoon and Takahasi, Shigeo},
	booktitle = {Proc. of ACM SIGGRAPH Asia},
	series = {SIGGRAPH Asia '10},
	year = {2010},
	pages = {140:1--140:10},
	articleno = {140},
	publisher = {ACM},
}

@article{Lerner:2007,
	title = {Crowds by Example},
	author = {Lerner, Alon and Chrysanthou, Yiorgos and Lischinski, Dani},
	journal = {Computer Graphics Forum},
	volume = {26},
	number = {3},
	month = {September},
	year = {2007},
	pages = {655--664},
}

@article{Paris:2007,
	title = {Pedestrian Reactive Navigation for Crowd Simulation: a Predictive Approach},
	author = {Paris, S\'ebastien and Pettr\'e, Julien and Donikian, St\'ephane},
	journal = {Computer Graphics Forum},
	volume = {26},
	number = {3}, 
	month = {September},
	year = {2007},
	pages = {665--674},
}

@article{PettreCAVW:2006,
	title = {Real-time Navigating Crowds: Scalable Simulation and Rendering},
	author = {Pettr\'e, J. and Ciechomski, P.d.H. and Mam, J. and Yersin, B. and Laumond, J.-P. and Thalmann, D. },
	journal = {Computer Animation adn Virtual Worlds},
	volume = {17},
	number = {3--4},
	year = {2006},
	pages = {445--455},
}

@inproceedings{Treuille:2006, 
	author = {Treuille, Adrien and Cooper, Seth and Popovi\'{c}, Zoran},
	title = {Continuum Crowds},
	booktitle = {Proc. of ACM SIGGRAPH 2006},
	series = {SIGGRAPH '06},
	year = {2006},
	pages = {1160--1168},
	publisher = {ACM},
}

@inproceedings{Yersin:2009,
	author = {Yersin, Barbara and Ma\"{\i}m, Jonathan and Pettr\'e, Julien and Thalmann, Daniel},
	title = {Crowd Patches: Populating Large-scale Virtual Environments for Real-Time Applications},
	booktitle = {Proc. of the 2009 Symp. on Interactive 3D Graphics and Games},
	series = {I3D '09},
	year = {2009},
	pages = {207--214},
	publisher = {ACM},
}

@inproceedings{Yuan:2012,
	author = {Yuan, Ye and Wu, Zhongke and Zhou, Mingquan},
	title = {Populating Virtual Environments with Crowd Patches and Rule-based Method},
	booktitle = {Proc. of the ACM SIGGRAPH Int. Conf. on Virtual-Reality Continuum and Its Applications in Industry},
	series = {VRCAI ' 12},
	year = {2012},
	pages = {239--246},
	publisher = {ACM},
}

@book{ThalmannBook:2013, 
	author = "Thalmann, Daniel and Raupp Muse, Soraia ",
	title = "Crowd Simulation",
	year = 2013,
	edition = "2nd",
	publisher = "Springer",
}

@inproceedings{VanDenBerg:2008,
	author = {van den Berg, Jur and Lin, Ming and Manocha, Dinesh},
	title = {Reciprocal Velocity Obstacles for Real-Time Multi-Agent Navigation},
	booktitle = {Proc. of the IEEE Int. Conf. on Robotics and Automation},
	series = {ICRA '07}, 
	year = {2007},
	pages =  {1928--1935},
	publisher = {IEEE},
}


@article{gale1962college,
  title={College admissions and the stability of marriage},
  author={Gale, David and Shapley, Lloyd S},
  journal={American Mathematical Monthly},
  pages={9--15},
  year={1962},
  publisher={JSTOR}
}

@book{Gusfield1989SMP,
 author = {Gusfield, Dan and Irving, Robert W.},
 title = {The {S}table {M}arriage {P}roblem: {S}tructure and {A}lgorithms},
 year = {1989},
 isbn = {0-262-07118-5},
 publisher = {MIT Press},
 address = {Cambridge, MA, USA},
} 

@book{Whittle2003Gait,
  title={Gait analysis: an introduction},
  author={Whittle, Michael W},
  publisher = {Butterworth-Heinemann},
  year={2003}
}


